@article{nw,
Abstract = {Includes references.},
Author = {Needleman, S.B. and Wunsch, C.D.},
ISSN = {0022-2836},
Journal = {Journal of molecular biology},
Title = {general method applicable to the search for similarities in the amino acid sequence of two proteins.},
URL = {https://ezp.lib.unimelb.edu.au/login?url=https://search.ebscohost.com/login.aspx?direct=true&db=edsagr&AN=edsagr.US201301754086&scope=site},
Year = {1970},
}

@article{sf-sw,
Abstract = {Includes references.},
Author = {Smith, T.F. Northern Michigan University. and Waterman, M.S.},
ISSN = {0022-2836},
Journal = {Journal of molecular biology},
Keywords = {computer techniques, sequence homology, amino acid sequences, nucleotide sequences, computer analysis, sequence alignment, algorithms},
Title = {Identification of common molecular subsequences.},
URL = {https://ezp.lib.unimelb.edu.au/login?url=https://search.ebscohost.com/login.aspx?direct=true&db=edsagr&AN=edsagr.US201301748505&scope=site},
Year = {1981},
}

@article{go-sw,
Abstract = {Includes references.},
Author = {Gotoh, O.},
ISSN = {0022-2836},
Journal = {Journal of molecular biology},
Keywords = {computer techniques, computer software, amino acid sequences, nucleotide sequences, DNA, computer analysis, sequence alignment, algorithms, proteins},
Title = {improved algorithm for matching biological sequences.},
URL = {https://ezp.lib.unimelb.edu.au/login?url=https://search.ebscohost.com/login.aspx?direct=true&db=edsagr&AN=edsagr.US201301750953&scope=site},
Year = {1982},
}

@book{ra-stop,
Author = {Rajaraman, Anand and Ullman, Jeffrey David},
ISBN = {9781139058452},
Publisher = {Cambridge : Cambridge University Press, 2011.},
Title = {Mining of Massive Datasets [electronic resource]. / Anand Rajaraman, Jeffrey David Ullman.},
URL = {https://ezp.lib.unimelb.edu.au/login?url=https://search.ebscohost.com/login.aspx?direct=true&db=cat00006a&AN=melb.b5154271&scope=site},
Year = {2011},
}

@article{pm-stem,
Author = {Popovic, Mirko, and Willett, Peter},
ISSN = {00028231},
Journal = {Journal of the American Society for Information Science},
Keywords = {DATA analysis, SLOVENES, LANGUAGE & languages, MORPHOLOGY (Grammar), ENGLISH language, QUESTIONS & answers},
Number = {5},
Pages = {384 - 390},
Title = {The Effectiveness of Stemming for Natural-Language Access to Slovene Textual Data.},
Volume = {43},
URL = {https://ezp.lib.unimelb.edu.au/login?url=https://search.ebscohost.com/login.aspx?direct=true&db=bth&AN=16801556&scope=site},
Year = {1992},
}
